@article{li:truth,
  title={Truth finding on the deep web: is the problem solved?},
  author={Li, Xian and Dong, Xin Luna and Lyons, Kenneth and Meng, Weiyi and Srivastava, Divesh},
  journal={Proceedings of the VLDB Endowment},
  volume={6},
  number={2},
  pages={97--108},
  year={2012},
  publisher={VLDB Endowment}
}

@inproceedings{nguyen:minimizing,
  title={Minimizing Efforts in Validating Crowd Answers},
  author={Nguyen, Quoc Viet Hung and Duong, Chi Thang and Weidlich, Matthias and Aberer, Karl},
  booktitle={The 2015 ACM SIGMOD/PODS Conference},
  number={EPFL-CONF-204725},
  year={2015}
}

@article{waguih:truth,
  author    = {Dalia Attia Waguih and
               Laure Berti{-}Equille},
  title     = {Truth Discovery Algorithms: An Experimental Evaluation},
  journal   = {CoRR},
  volume    = {abs/1409.6428},
  year      = {2014},
  url       = {http://arxiv.org/abs/1409.6428},
  timestamp = {Tue, 26 Apr 4442287 00:02:40 +},
  biburl    = {http://dblp.uni-trier.de/rec/bib/journals/corr/WaguihB14},
  bibsource = {dblp computer science bibliography, http://dblp.org}
}


